@techreport{enisa2023,
  type        = {Report/{Study}},
  title       = {{ENISA} {Threat} {Landscape}},
  url         = {https://www.enisa.europa.eu/publications/enisa-threat-landscape-2023},
  abstract    = {This is the eleventh edition of the ENISA Threat Landscape (ETL) report, an annual report on the status of the cybersecurity threat landscape. It identifies the top threats, major trends observed with respect to threats, threat actors and attack techniques, as well as impact and motivation analysis. It also describes relevant mitigation measures. This year's work has again been supported by ENISA's ad hoc Working Group on Cybersecurity Threat Landscapes (CTL).},
  institution = {{European Union Agency for Cybersecurity}},
  author      = {{European Union Agency for Cybersecurity}},
  year        = {2023}
}

@misc{moore2023,
  title    = {{Top {Cybersecurity} {Threats} in 2023 - University of San Diego Online Degrees}},
  url      = {https://onlinedegrees.sandiego.edu/top-cyber-security-threats/},
  abstract = {Phishing, ransomware and cryptojacking are among the top cyber security threats and trends for 2023.},
  journal  = {University of San Diego Online Degrees},
  author   = {Michelle Moore},
  year     = {2024},
  note     = {[Internet; accedido a 26/04/2024]}
}

@article{vrbancic2020,
  title    = {Datasets for phishing websites detection},
  journal  = {Data in Brief},
  volume   = {33},
  pages    = {106438},
  year     = {2020},
  issn     = {2352-3409},
  doi      = {https://doi.org/10.1016/j.dib.2020.106438},
  url      = {https://www.sciencedirect.com/science/article/pii/S2352340920313202},
  author   = {Grega Vrbančič and Iztok Fister and Vili Podgorelec},
  keywords = {Phishing websites, Classification, Computer security, Optimization}
}

@article{safi2023,
  title    = {A systematic literature review on phishing website detection techniques},
  journal  = {Journal of King Saud University - Computer and Information Sciences},
  volume   = {35},
  number   = {2},
  pages    = {590-611},
  year     = {2023},
  issn     = {1319-1578},
  doi      = {https://doi.org/10.1016/j.jksuci.2023.01.004},
  url      = {https://www.sciencedirect.com/science/article/pii/S1319157823000034},
  author   = {Asadullah Safi and Satwinder Singh},
  keywords = {Phishing, Phishing Detection, Deep Learning, Cyber Security, Machine Learning}
}

@article{ojewumi2022,
  title    = {Performance evaluation of machine learning tools for detection of phishing attacks on web pages},
  journal  = {Scientific African},
  volume   = {16},
  pages    = {e01165},
  year     = {2022},
  issn     = {2468-2276},
  doi      = {https://doi.org/10.1016/j.sciaf.2022.e01165},
  url      = {https://www.sciencedirect.com/science/article/pii/S2468227622000746},
  author   = {T.O. Ojewumi and G.O. Ogunleye and B.O. Oguntunde and O. Folorunsho and S.G. Fashoto and N. Ogbu},
  keywords = {Phishing, Attack, KNN, Random Forest, SVM}
}

@misc{phishtank,
  title = {{PhishTank} {\textbar} {Join} the fight against phishing},
  url   = {https://phishtank.org/}
}

@misc{openphish,
  title = {{OpenPhish} - {Phishing} {Intelligence}},
  url   = {https://openphish.com/}
}


@misc{phishingdatabase,
  title     = {mitchellkrogza/{Phishing}.{Database}},
  copyright = {MIT},
  url       = {https://github.com/mitchellkrogza/Phishing.Database},
  abstract  = {Phishing Domains, urls websites and threats database. We use the PyFunceble testing tool to validate the status of all known Phishing domains and provide stats to reveal how many unique domains used for Phishing are still active.},
  author    = {Krog, Mitchell},
  month     = jun,
  year      = {2024},
  note      = {original-date: 2018-04-20T11:52:18Z},
  keywords  = {domains, malware, malware-research, phishing, phishing-attacks, phishing-domains, phishing-reports, phishing-servers, phishing-sites, statistics, stats, validity}
}

@misc{ciscoumbrella,
  title = {Cisco {Popularity} {List}},
  url   = {https://s3-us-west-1.amazonaws.com/umbrella-static/index.html}
}

@misc{majesticmillion,
  title = {Majestic {Million}},
  url   = {https://majestic.com/reports/majestic-million}
}

@misc{repoproyecto,
  title    = {Releases · queq/tfm-project},
  url      = {https://github.com/queq/tfm-project/releases},
  abstract = {Contribute to queq/tfm-project development by creating an account on GitHub.},
  language = {en},
  journal  = {GitHub}
}

@inproceedings{shizari2018,
  author    = {Shirazi, Hossein and Bezawada, Bruhadeshwar and Ray, Indrakshi},
  title     = {"Kn0w Thy Doma1n Name": Unbiased Phishing Detection Using Domain Name Based Features},
  year      = {2018},
  isbn      = {9781450356664},
  publisher = {Association for Computing Machinery},
  address   = {New York, NY, USA},
  url       = {https://doi.org/10.1145/3205977.3205992},
  doi       = {10.1145/3205977.3205992},
  booktitle = {Proceedings of the 23nd ACM on Symposium on Access Control Models and Technologies},
  pages     = {69–75},
  numpages  = {7},
  keywords  = {phishing detection, phishing, machine learning, domain name, biased datasets},
  location  = {Indianapolis, Indiana, USA},
  series    = {SACMAT '18}
}

@inproceedings{alsabah2022,
  author    = {AlSabah, Mashael and Nabeel, Mohamed and Boshmaf, Yazan and Choo, Euijin},
  title     = {Content-Agnostic Detection of Phishing Domains using Certificate Transparency and Passive DNS},
  year      = {2022},
  isbn      = {9781450397049},
  publisher = {Association for Computing Machinery},
  address   = {New York, NY, USA},
  url       = {https://doi.org/10.1145/3545948.3545958},
  doi       = {10.1145/3545948.3545958},
  booktitle = {Proceedings of the 25th International Symposium on Research in Attacks, Intrusions and Defenses},
  pages     = {446–459},
  numpages  = {14},
  keywords  = {phishing domains detection, passive DNS, machine learning, certificate transparency},
  location  = {Limassol, Cyprus},
  series    = {RAID '22}
}

@inproceedings{voquang2023,
  author    = {Vo Quang, Minh and Bui Tan Hai, Dang and Tran Kim Ngoc, Ngan and Ngo Duc Hoang, Son and Nguyen Huu, Quyen and Phan The, Duy and Pham, Van-Hau},
  title     = {Shark-Eyes: A multimodal fusion framework for multi-view-based phishing website detection},
  year      = {2023},
  isbn      = {9798400708916},
  publisher = {Association for Computing Machinery},
  address   = {New York, NY, USA},
  url       = {https://doi.org/10.1145/3628797.3629003},
  doi       = {10.1145/3628797.3629003},
  booktitle = {Proceedings of the 12th International Symposium on Information and Communication Technology},
  pages     = {793–800},
  numpages  = {8},
  keywords  = {Adversarial Attack, Deep Learning, Multimodal, Phishing Detection},
  location  = {<conf-loc>, <city>Ho Chi Minh</city>, <country>Vietnam</country>, </conf-loc>},
  series    = {SOICT '23}
}

@misc{ianawhois,
  title = {{WHOIS} {Service}},
  url   = {https://www.iana.org/whois}
}

@article{abdillah2022,
  author   = {Abdillah, Rahmad and Shukur, Zarina and Mohd, Masnizah and Murah, Ts. Mohd Zamri},
  journal  = {IEEE Access},
  title    = {Phishing Classification Techniques: A Systematic Literature Review},
  year     = {2022},
  volume   = {10},
  number   = {},
  pages    = {41574-41591},
  keywords = {Phishing;Electronic mail;Performance evaluation;Systematics;Social networking (online);Machine learning;Feature extraction;Classification;phishing;systematic literature review},
  doi      = {10.1109/ACCESS.2022.3166474}
}

@article{vijayalakshmi2020,
  author     = {Vijayalakshmi, M. and Mercy Shalinie, S. and Yang, Ming Hour and U., Raja Meenakshi},
  title      = {Web phishing detection techniques: a survey on the state‐of‐the‐art, taxonomy and future directions},
  year       = {2020},
  issue_date = {September 2020},
  publisher  = {John Wiley \& Sons, Inc.},
  address    = {USA},
  volume     = {9},
  number     = {5},
  url        = {https://doi.org/10.1049/iet-net.2020.0078},
  doi        = {10.1049/iet-net.2020.0078},
  journal    = {IET Networks},
  month      = {9},
  pages      = {235–246},
  numpages   = {12},
  keywords   = {malicious Websites, automated Web phishing detection, Web trojan, anti‐phishing techniques, deceiving attack, domain name system tunnelling, Internet transactions, cyber world, taxonomy, SQL, Internet, Web sites, invasive software, computer crime}
}

@inproceedings{kim2022,
  author    = {Kim, Taeri and Park, Noseong and Hong, Jiwon and Kim, Sang-Wook},
  title     = {Phishing URL Detection: A Network-based Approach Robust to Evasion},
  year      = {2022},
  isbn      = {9781450394505},
  publisher = {Association for Computing Machinery},
  address   = {New York, NY, USA},
  url       = {https://doi.org/10.1145/3548606.3560615},
  doi       = {10.1145/3548606.3560615},
  booktitle = {Proceedings of the 2022 ACM SIGSAC Conference on Computer and Communications Security},
  pages     = {1769–1782},
  numpages  = {14},
  keywords  = {classification, network-based inference, phising detection},
  location  = {Los Angeles, CA, USA},
  series    = {CCS '22}
}

@inproceedings{abdelnabi2020,
  author    = {Abdelnabi, Sahar and Krombholz, Katharina and Fritz, Mario},
  title     = {VisualPhishNet: Zero-Day Phishing Website Detection by Visual Similarity},
  year      = {2020},
  isbn      = {9781450370899},
  publisher = {Association for Computing Machinery},
  address   = {New York, NY, USA},
  url       = {https://doi.org/10.1145/3372297.3417233},
  doi       = {10.1145/3372297.3417233},
  booktitle = {Proceedings of the 2020 ACM SIGSAC Conference on Computer and Communications Security},
  pages     = {1681–1698},
  numpages  = {18},
  keywords  = {visual similarity, triplet networks, phishing detection},
  location  = {Virtual Event, USA},
  series    = {CCS '20}
}

@inproceedings{cuzzocrea2019,
  author    = {Cuzzocrea, Alfredo and Martinelli, Fabio and Mercaldo, Francesco},
  title     = {A machine-learning framework for supporting intelligent web-phishing detection and analysis},
  year      = {2019},
  isbn      = {9781450362498},
  publisher = {Association for Computing Machinery},
  address   = {New York, NY, USA},
  url       = {https://doi.org/10.1145/3331076.3331087},
  doi       = {10.1145/3331076.3331087},
  booktitle = {Proceedings of the 23rd International Database Applications \& Engineering Symposium},
  articleno = {43},
  numpages  = {3},
  keywords  = {web phishing analysis, web phishing, machine learning for supporting web phishing detection},
  location  = {Athens, Greece},
  series    = {IDEAS '19}
}

@inproceedings{adap2023,
  author    = {Adap, Vielka Angela V. and Castillo, Gabriel A. and Delos Reyes, Erskine Jerrell M. and Ronquillo, Edward B. and Vea, Larry A.},
  title     = {Do Not Feed the Phish: Phishing Website Detection Using URL-based Features},
  year      = {2023},
  isbn      = {9798400708053},
  publisher = {Association for Computing Machinery},
  address   = {New York, NY, USA},
  url       = {https://doi.org/10.1145/3631991.3632011},
  doi       = {10.1145/3631991.3632011},
  booktitle = {Proceedings of the 2023 5th World Symposium on Software Engineering},
  pages     = {135–141},
  numpages  = {7},
  keywords  = {Phishing, Random Forest, URL, XGBoost, machine learning},
  location  = {<conf-loc>, <city>Tokyo</city>, <country>Japan</country>, </conf-loc>},
  series    = {WSSE '23}
}

@inproceedings{aung2022,
  author    = {Aung, Eint Sandi and Yamana, Hayato},
  title     = {Segmentation-based Phishing URL Detection},
  year      = {2022},
  isbn      = {9781450391153},
  publisher = {Association for Computing Machinery},
  address   = {New York, NY, USA},
  url       = {https://doi.org/10.1145/3486622.3493983},
  doi       = {10.1145/3486622.3493983},
  booktitle = {IEEE/WIC/ACM International Conference on Web Intelligence and Intelligent Agent Technology},
  pages     = {550–556},
  numpages  = {7},
  keywords  = {Information extraction, Phishing URL detection, Word segmentation},
  location  = {Melbourne, VIC, Australia},
  series    = {WI-IAT '21}
}

@inproceedings{alsarhan2023,
  author    = {Alsarhan, Ayoub and Igried, Bashar and Bani Saleem, Raad Mohammad and Alauthman, Mohammad and Aljaidi, Mohammad},
  title     = {Enhancing Phishing URL Detection: A Comparative Study of Machine Learning Algorithms},
  year      = {2023},
  isbn      = {9798400708312},
  publisher = {Association for Computing Machinery},
  address   = {New York, NY, USA},
  url       = {https://doi.org/10.1145/3625343.3625348},
  doi       = {10.1145/3625343.3625348},
  booktitle = {Proceedings of the 2023 Asia Conference on Artificial Intelligence, Machine Learning and Robotics},
  articleno = {5},
  numpages  = {7},
  keywords  = {URL Analysis, Server-side Analysis, Phishing Detection, Machine Learning Algorithms, Cybersecurity},
  location  = {<conf-loc>, <city>Bangkok</city>, <country>Thailand</country>, </conf-loc>},
  series    = {AIMLR '23}
}

@inproceedings{aung2020,
  author    = {Aung, Eint Sandi and Yamana, Hayato},
  title     = {URL-based Phishing Detection using the Entropy of Non-Alphanumeric Characters},
  year      = {2020},
  isbn      = {9781450371797},
  publisher = {Association for Computing Machinery},
  address   = {New York, NY, USA},
  url       = {https://doi.org/10.1145/3366030.3366064},
  doi       = {10.1145/3366030.3366064},
  booktitle = {Proceedings of the 21st International Conference on Information Integration and Web-Based Applications \& Services},
  pages     = {385–392},
  numpages  = {8},
  keywords  = {Webpage, URL, Phishing, Detection},
  location  = {Munich, Germany},
  series    = {iiWAS2019}
}

@inproceedings{sirigineedi2020,
  author    = {Sirigineedi, Surya Srikar and Soni, Jayesh and Upadhyay, Himanshu},
  title     = {Learning-based models to detect runtime phishing activities using URLs},
  year      = {2020},
  isbn      = {9781450376440},
  publisher = {Association for Computing Machinery},
  address   = {New York, NY, USA},
  url       = {https://doi.org/10.1145/3388142.3388170},
  doi       = {10.1145/3388142.3388170},
  booktitle = {Proceedings of the 2020 4th International Conference on Compute and Data Analysis},
  pages     = {102–106},
  numpages  = {5},
  keywords  = {Phishing URLs, NLP, Machine learning, Deep Learning},
  location  = {<conf-loc>, <city>Silicon Valley</city>, <state>CA</state>, <country>USA</country>, </conf-loc>},
  series    = {ICCDA '20}
}

@inproceedings{valentim2021,
  author    = {Valentim, Rodolfo and Drago, Idilio and Trevisan, Martino and Cerutti, Federico and Mellia, Marco},
  title     = {Augmenting phishing squatting detection with GANs},
  year      = {2021},
  isbn      = {9781450391337},
  publisher = {Association for Computing Machinery},
  address   = {New York, NY, USA},
  url       = {https://doi.org/10.1145/3488658.3493787},
  doi       = {10.1145/3488658.3493787},
  booktitle = {Proceedings of the CoNEXT Student Workshop},
  pages     = {3–4},
  numpages  = {2},
  location  = {Virtual Event, Germany},
  series    = {CoNEXT-SW '21}
}

@article{rashid2024,
  title    = {Phishing URL detection generalisation using Unsupervised Domain Adaptation},
  journal  = {Computer Networks},
  volume   = {245},
  pages    = {110398},
  year     = {2024},
  issn     = {1389-1286},
  doi      = {https://doi.org/10.1016/j.comnet.2024.110398},
  url      = {https://www.sciencedirect.com/science/article/pii/S1389128624002305},
  author   = {Fariza Rashid and Ben Doyle and Soyeon Caren Han and Suranga Seneviratne},
  keywords = {Phishing detection, Unsupervised domain adaptation, URL classification}
}

@article{vajrobol2024,
  title    = {Mutual information based logistic regression for phishing URL detection},
  journal  = {Cyber Security and Applications},
  volume   = {2},
  pages    = {100044},
  year     = {2024},
  issn     = {2772-9184},
  doi      = {https://doi.org/10.1016/j.csa.2024.100044},
  url      = {https://www.sciencedirect.com/science/article/pii/S2772918424000109},
  author   = {Vajratiya Vajrobol and Brij B. Gupta and Akshat Gaurav},
  keywords = {Phishing, URL analysis, Logistic regression, Mutual information, Feature selection}
}

@inproceedings{siddiq2022,
  author    = {Siddiq, Md. Abu Ashraf and Arifuzzaman, Mohammad and Islam, M. S.},
  title     = {Phishing Website Detection using Deep Learning},
  year      = {2022},
  isbn      = {9781450397346},
  publisher = {Association for Computing Machinery},
  address   = {New York, NY, USA},
  url       = {https://doi.org/10.1145/3542954.3542967},
  doi       = {10.1145/3542954.3542967},
  booktitle = {Proceedings of the 2nd International Conference on Computing Advancements},
  pages     = {83–88},
  numpages  = {6},
  keywords  = {CNN, Deep Learning, Neural Network, Phishing},
  location  = {Dhaka, Bangladesh},
  series    = {ICCA '22}
}

@inproceedings{hajizada2023,
  author    = {Hajizada, Abulfaz and Jahan, Sharmin},
  title     = {Feature Selections for Phishing URLs Detection Using Combination of Multiple Feature Selection Methods},
  year      = {2023},
  isbn      = {9781450398411},
  publisher = {Association for Computing Machinery},
  address   = {New York, NY, USA},
  url       = {https://doi.org/10.1145/3587716.3587790},
  doi       = {10.1145/3587716.3587790},
  booktitle = {Proceedings of the 2023 15th International Conference on Machine Learning and Computing},
  pages     = {444–450},
  numpages  = {7},
  keywords  = {Correlation, Feature Selection, Machine Learning Model, Phishing},
  location  = {<conf-loc>, <city>Zhuhai</city>, <country>China</country>, </conf-loc>},
  series    = {ICMLC '23}
}

@article{adane2023,
  author     = {Adane, Kibreab and Beyene, Berhanu and Abebe, Mohammed},
  title      = {Single and Hybrid-Ensemble Learning-Based Phishing Website Detection: Examining Impacts of Varied Nature Datasets and Informative Feature Selection Technique},
  year       = {2023},
  issue_date = {September 2023},
  publisher  = {Association for Computing Machinery},
  address    = {New York, NY, USA},
  volume     = {4},
  number     = {3},
  url        = {https://doi.org/10.1145/3611392},
  doi        = {10.1145/3611392},
  journal    = {Digital Threats},
  month      = {10},
  articleno  = {46},
  numpages   = {27},
  keywords   = {phishing website dataset, computational time, Meta learner, cat-boost, Uni-variate feature selection, phishing website detection, Ensemble learning}
}

@inproceedings{zeng2020,
  author    = {Zeng, Victor and Zhou, Xin and Baki, Shahryar and Verma, Rakesh M.},
  title     = {PhishBench 2.0: A Versatile and Extendable Benchmarking Framework for Phishing},
  year      = {2020},
  isbn      = {9781450370899},
  publisher = {Association for Computing Machinery},
  address   = {New York, NY, USA},
  url       = {https://doi-org.ponton.uva.es/10.1145/3372297.3420017},
  doi       = {10.1145/3372297.3420017},
  booktitle = {Proceedings of the 2020 ACM SIGSAC Conference on Computer and Communications Security},
  pages     = {2077–2079},
  numpages  = {3},
  keywords  = {automatic framework, benchmarking, machine learning, phishing},
  location  = {Virtual Event, USA},
  series    = {CCS '20}
}

@article{vangeest2024,
  title    = {The applicability of a hybrid framework for automated phishing detection},
  journal  = {Computers \& Security},
  volume   = {139},
  pages    = {103736},
  year     = {2024},
  issn     = {0167-4048},
  doi      = {https://doi.org/10.1016/j.cose.2024.103736},
  url      = {https://www.sciencedirect.com/science/article/pii/S0167404824000373},
  author   = {R.J. {van Geest} and G. Cascavilla and J. Hulstijn and N. Zannone},
  keywords = {Phishing, Phishing detection, Machine learning, Privacy and security, Fraud detection, Security management, Cybersecurity, Cyberthreat Intelligence}
}

@article{zhu2024,
  title    = {PDHF: Effective phishing detection model combining optimal artificial and automatic deep features},
  journal  = {Computers \& Security},
  volume   = {136},
  pages    = {103561},
  year     = {2024},
  issn     = {0167-4048},
  doi      = {https://doi.org/10.1016/j.cose.2023.103561},
  url      = {https://www.sciencedirect.com/science/article/pii/S0167404823004716},
  author   = {Erzhou Zhu and Kang Cheng and Zhizheng Zhang and Huabin Wang},
  keywords = {Phishing detection, Phishing feature selection, Hybrid features, Convolutional neural network, Disorderly quantized attention mechanism}
}

@misc{patel2024,
  title         = {Evaluating the Efficacy of Large Language Models in Identifying Phishing Attempts},
  author        = {Het Patel and Umair Rehman and Farkhund Iqbal},
  year          = {2024},
  eprint        = {2404.15485},
  archiveprefix = {arXiv},
  primaryclass  = {cs.CL}
}

@misc{yigit2024,
  title         = {Review of Generative AI Methods in Cybersecurity},
  author        = {Yagmur Yigit and William J Buchanan and Madjid G Tehrani and Leandros Maglaras},
  year          = {2024},
  eprint        = {2403.08701},
  archiveprefix = {arXiv},
  primaryclass  = {cs.CR}
}

@misc{abuadbba2022,
  title         = {Towards Web Phishing Detection Limitations and Mitigation},
  author        = {Alsharif Abuadbba and Shuo Wang and Mahathir Almashor and Muhammed Ejaz Ahmed and Raj Gaire and Seyit Camtepe and Surya Nepal},
  year          = {2022},
  eprint        = {2204.00985},
  archiveprefix = {arXiv},
  primaryclass  = {cs.CR},
  url           = {https://arxiv.org/abs/2204.00985}
}

@misc{castaño2021,
  title         = {State of the Art: Content-based and Hybrid Phishing Detection},
  author        = {F. Castaño and E. Fidalgo and E. Alegre and D. Chaves and M. Sanchez-Paniagua},
  year          = {2021},
  eprint        = {2101.12723},
  archiveprefix = {arXiv},
  primaryclass  = {cs.CR},
  url           = {https://arxiv.org/abs/2101.12723}
}

@inproceedings{paliath2020,
  author    = {Paliath, Suhail and Qbeitah, Mohammad Abu and Aldwairi, Monther},
  booktitle = {2020 27th International Conference on Telecommunications (ICT)},
  title     = {PhishOut: Effective Phishing Detection Using Selected Features},
  year      = {2020},
  volume    = {},
  number    = {},
  pages     = {1-5},
  keywords  = {Phishing;Neural networks;Machine learning;Feature extraction;Electronic mail;Telecommunications;Data mining;phishing email;phishing detection;machine learning;features selection},
  doi       = {10.1109/ICT49546.2020.9239589}
}

@article{gupta2021,
  title    = {A novel approach for phishing URLs detection using lexical based machine learning in a real-time environment},
  journal  = {Computer Communications},
  volume   = {175},
  pages    = {47-57},
  year     = {2021},
  issn     = {0140-3664},
  doi      = {https://doi.org/10.1016/j.comcom.2021.04.023},
  url      = {https://www.sciencedirect.com/science/article/pii/S0140366421001675},
  author   = {Brij B. Gupta and Krishna Yadav and Imran Razzak and Konstantinos Psannis and Arcangelo Castiglione and Xiaojun Chang},
  keywords = {Accuracy, Blacklist, Features, Machine learning, Phishing, Real-time, Random forest, URLs}
}

@article{akinyelu2019,
  author  = {Akinyelu, Andronicus A.},
  title   = {Machine Learning and Nature Inspired Based Phishing Detection: A Literature Survey},
  journal = {International Journal on Artificial Intelligence Tools},
  volume  = {28},
  number  = {05},
  pages   = {1930002},
  year    = {2019},
  doi     = {10.1142/S0218213019300023},
  url     = {https://doi.org/10.1142/S0218213019300023}
}

@article{peggy2021,
  author  = {Chinn, Peggy L.},
  title   = {The traditional literature review},
  journal = {Nurse Author \& Editor},
  volume  = {31},
  number  = {3-4},
  pages   = {62-64},
  doi     = {https://doi.org/10.1111/nae2.29},
  url     = {https://onlinelibrary.wiley.com/doi/abs/10.1111/nae2.29},
  eprint  = {https://onlinelibrary.wiley.com/doi/pdf/10.1111/nae2.29},
  year    = {2021}
}

@misc{pylint,
  title  = {Pylint 3.3.0-dev0 documentation},
  url    = {https://pylint.readthedocs.io/en/latest/index.html},
  year   = {2024},
  note   = {[Internet; accedido a 16/08/2024]},
  author = {{Logilab and Pylint contributors}}
}

@misc{pep257,
  title  = {PEP 257 - Docstring Conventions | peps.python.org},
  url    = {https://peps.python.org/pep-0257/},
  year   = {2001},
  note   = {[Internet; accedido a 09/09/2024]},
  author = {David Goodger and Guido van Rossum}
}

@misc{numpy,
  title  = {numpy/numpy: The fundamental package for scientific computing with Python.},
  url    = {https://github.com/numpy/numpy},
  year   = {2024},
  note   = {[Internet; accedido a 09/09/2024]},
  author = {{NumPy team}}
}

@misc{pypa,
  title  = {PyPA specifications - Python Packaging User Guide},
  url    = {https://packaging.python.org/en/latest/specifications/},
  year   = {2024},
  note   = {[Internet; accedido a 09/09/2024]},
  author = {{PyPA}}
}